<?xml version="1.0" encoding="UTF-8" ?><marc:collection xmlns:marc="http://www.loc.gov/MARC21/slim" xmlns:xsi="http://www.w3.org/2001/XMLSchema-instance" xsi:schemaLocation="http://www.loc.gov/MARC21/slim http://www.loc.gov/standards/marcxml/schema/MARC21slim.xsd">
<marc:record><marc:leader>03925nam a2200409   4500</marc:leader>
<marc:controlfield tag="001">6056</marc:controlfield>
<marc:controlfield tag="003">aeadna</marc:controlfield><marc:controlfield tag="005">20110123132400.0</marc:controlfield><marc:controlfield tag="008">      s1862    ua     f    e|0   0cara u</marc:controlfield><marc:datafield tag="035" ind1=" " ind2=" "><marc:subfield code="a">(Sirsi) 6056</marc:subfield></marc:datafield><marc:datafield tag="035" ind1=" " ind2=" "><marc:subfield code="a">0029-82760</marc:subfield></marc:datafield><marc:datafield tag="040" ind1=" " ind2=" "><marc:subfield code="a">nal</marc:subfield><marc:subfield code="b">ara</marc:subfield><marc:subfield code="e">AACR2</marc:subfield></marc:datafield><marc:datafield tag="041" ind1="0" ind2=" "><marc:subfield code="a">ara</marc:subfield></marc:datafield><marc:datafield tag="043" ind1=" " ind2=" "><marc:subfield code="a">e-sp---</marc:subfield></marc:datafield><marc:datafield tag="050" ind1=" " ind2="4"><marc:subfield code="a">DP101</marc:subfield><marc:subfield code="b">.M56 1862</marc:subfield></marc:datafield><marc:datafield tag="066" ind1=" " ind2=" "><marc:subfield code="c">(3</marc:subfield><marc:subfield code="c">$1</marc:subfield></marc:datafield><marc:datafield tag="082" ind1="1" ind2="0"><marc:subfield code="a">956.071</marc:subfield><marc:subfield code="b">21</marc:subfield></marc:datafield><marc:datafield tag="100" ind1="1" ind2=" "><marc:subfield code="a">المقري، أحمد بن محمد،</marc:subfield><marc:subfield code="d">ت. 1631 أو 2.</marc:subfield></marc:datafield><marc:datafield tag="245" ind1="1" ind2="0"><marc:subfield code="a">نفح الطيب من غصن الأندلس الرطيب /</marc:subfield><marc:subfield code="c">تأليف أحمد بن محمد المقري.</marc:subfield></marc:datafield><marc:datafield tag="246" ind1="2" ind2="2"><marc:subfield code="a">كتاب نفح الطيب</marc:subfield></marc:datafield><marc:datafield tag="260" ind1=" " ind2=" "><marc:subfield code="a">[ (m3GdbGgQIm] :</marc:subfield><marc:subfield code="b">[مطبعة بولاق]،</marc:subfield><marc:subfield code="c">[1862]</marc:subfield></marc:datafield><marc:datafield tag="300" ind1=" " ind2=" "><marc:subfield code="a">4 ج.؛ :</marc:subfield><marc:subfield code="c">24 سم.</marc:subfield></marc:datafield><marc:datafield tag="500" ind1=" " ind2=" "><marc:subfield code="a">نبذذة من سيرة المؤلف: هو شهاب الدين أبو العباس أحمد بن محمد المقري التلمساني القرشي المالكي الأشعري من أعلام الفكر العربي في الجزائر أثناء عهدها العثماني شخصية متميزة فكريًا، توّزع هواها بين أقطار العروبة مشرقًا ومغربًا، ولد في الجزائر، وهام بالمغرب الأقصى كما كبر وجده بالحجاز، وأحب دمشق وأهلها، والقاهرة ورجال علمها، حيث لقي ربه، وفي نفسه حنين إلى وطنه الأول الجزائر وشوق الرحلة إلى دمشق التي حالت دونها المنية، بعدما ارتوى صدره من أريج الأرض الطاهرة في البقاع المقدسة. إنه العلامة الأديب اللامع أحمد المقري 986- 1041هـ/ 1578- 1631م صاحب عملين فكريين جادين، بدأ بأّولهما حياته في التأليف، وهو كتاب روضة الآس العاطرة الأنفاس في ذكر من لقيته من أعلام الحضرتين: مراكش وفاس وكان الثاني خاتمة مؤلفاته، عشية وفاته، وهو كتاب نفح الطيب من غصن الأندلس الرطيب. الذي يعد أحد أبرز المراجع العربية المكتوبة حول تاريخ الأندلس.</marc:subfield></marc:datafield><marc:datafield tag="500" ind1=" " ind2=" "><marc:subfield code="a">معروف ب:&quot;كتاب نفح الطيب&quot;</marc:subfield></marc:datafield><marc:datafield tag="520" ind1=" " ind2=" "><marc:subfield code="a">يعد أحد أقدم الكتب الأندلسية ظهوًرا للنور، وهو موسوعة تاريخية مهمة في دراسة التاريخ والأدب والجغرافيا الخاصة بالأندلس. وقد صرح المقري بمقدمة كتابه أنه ألفه إجابة لطلب الإمام المولى الشاهيني أستاذ المدرسة الجقمقية في دمشق، وقال: &quot;وعزمت على الإجابة لما للمذكور علَي من الحقوق، وكيف أقابل بره  بالعقوق، فوعدته بالشروع في المطلب عند الوصول إلى القاهرة المعزية&quot;.   وجعل عنوانه أولًا &quot;عرف الطيب في التعريف بالوزير ابن الخطيب&quot; فلما رأى مادته قد اتسعت لتشمل الأندلس أدبًا وتاريخًا، عمد إلى تغيير عنوانه ليصير &quot;نفح الطيب من غصن الأندلس الرطيب وذكر وزيرها لسان الدين ابن الخطيب&quot;.  وجاء هذا الكتاب على جزأين، جزء يتحدث عن الأندلس والمدن الأندلسية وسكانها، ووصف مناخها وتوضيح مساحتها وتحديد أراضيها وأول من سكنها، ووصف سكان الأندلس وحبهم للعلم والأدب وسلوكياتهم وخصوصياتهم الاجتماعية، والشأو البعيد الذي بلغوه في مجال العلوم والآداب. والجزء الآخر عن أخبار الوزير ابن الخطيب.  اعتمد المقري في كتابه على مصادر لم يصلنا منها سوى القليل كالمغرب لابن سعيد، ومطمح الأنفس لابن خاقان، والمطمح الكبير. انتهى المصنف من الكتاب يوم الأحد 27 رمضان 1038 هـ ثم ألحق به فصولًا أتمها في ذي الحجة سنة 1039 هـ، وكان قد ألف كتابه هذا وهو في القاهرة مغتربًا عن بلده تلمسان(في الجزائر).</marc:subfield></marc:datafield><marc:datafield tag="600" ind1="1" ind2="4"><marc:subfield code="a">ابن الخطيب، لسان الدين،</marc:subfield><marc:subfield code="d">1313-1374.</marc:subfield></marc:datafield><marc:datafield tag="600" ind1="1" ind2="4"><marc:subfield code="a">المقري، أحمد بن محمد،</marc:subfield><marc:subfield code="d">ت. 1631 أو 2.</marc:subfield></marc:datafield><marc:datafield tag="650" ind1=" " ind2="4"><marc:subfield code="a">العرب في اسبانيا</marc:subfield><marc:subfield code="v">الأعمال المبكرة حتى 1800.</marc:subfield></marc:datafield><marc:datafield tag="651" ind1=" " ind2="4"><marc:subfield code="a">إسبانيا</marc:subfield><marc:subfield code="x">تاريخ</marc:subfield><marc:subfield code="y">711-1516</marc:subfield></marc:datafield><marc:datafield tag="651" ind1=" " ind2="4"><marc:subfield code="a">الأندلس</marc:subfield><marc:subfield code="v">تراجم</marc:subfield></marc:datafield><marc:datafield tag="651" ind1=" " ind2="4"><marc:subfield code="a">الأندلس</marc:subfield><marc:subfield code="x">تاريخ</marc:subfield><marc:subfield code="v">الأعمال المبكرة حتى 1800.</marc:subfield></marc:datafield><marc:datafield tag="775" ind1="0" ind2=" "><marc:subfield code="a">المقري، أحمد بن محمد التلمساني</marc:subfield><marc:subfield code="d">بيروت : دار صادر، 1997م</marc:subfield><marc:subfield code="t">نفح الطيب من غصن الأندلس الرطيب /</marc:subfield></marc:datafield><marc:datafield tag="775" ind1="0" ind2=" "><marc:subfield code="a">المقري، أحمد بن محمد التلمساني</marc:subfield><marc:subfield code="d">بيروت : دار صادر، 1968م.</marc:subfield><marc:subfield code="t">نفح الطيب من غصن الأندلس الرطيب /</marc:subfield></marc:datafield><marc:datafield tag="949" ind1=" " ind2=" "><marc:subfield code="a">956.071 ك &amp;#xfffd;DE&amp;#xfffd; ل ]</marc:subfield><marc:subfield code="v">3</marc:subfield><marc:subfield code="w">DDC</marc:subfield><marc:subfield code="i">30018000012290</marc:subfield><marc:subfield code="u">06/22/2003</marc:subfield><marc:subfield code="d">04/26/2010</marc:subfield><marc:subfield code="n">0</marc:subfield><marc:subfield code="t">Book</marc:subfield><marc:subfield code="l">av</marc:subfield><marc:subfield code="m">MAIN</marc:subfield><marc:subfield code="x">RAR</marc:subfield></marc:datafield><marc:datafield tag="949" ind1=" " ind2=" "><marc:subfield code="a">956.071 ك &amp;#xfffd;DE&amp;#xfffd; ل ]</marc:subfield><marc:subfield code="v">4</marc:subfield><marc:subfield code="w">DDC</marc:subfield><marc:subfield code="i">30018000012289</marc:subfield><marc:subfield code="u">06/22/2003</marc:subfield><marc:subfield code="d">04/26/2010</marc:subfield><marc:subfield code="n">0</marc:subfield><marc:subfield code="t">Book</marc:subfield><marc:subfield code="l">av</marc:subfield><marc:subfield code="m">MAIN</marc:subfield><marc:subfield code="x">RAR</marc:subfield></marc:datafield><marc:datafield tag="949" ind1=" " ind2=" "><marc:subfield code="a">956.071 ك &amp;#xfffd;DE&amp;#xfffd; ل ]</marc:subfield><marc:subfield code="v">2</marc:subfield><marc:subfield code="w">DDC</marc:subfield><marc:subfield code="i">30018000012288</marc:subfield><marc:subfield code="u">06/22/2003</marc:subfield><marc:subfield code="d">04/26/2010</marc:subfield><marc:subfield code="n">0</marc:subfield><marc:subfield code="t">Book</marc:subfield><marc:subfield code="l">av</marc:subfield><marc:subfield code="m">MAIN</marc:subfield><marc:subfield code="x">RAR</marc:subfield></marc:datafield><marc:datafield tag="949" ind1=" " ind2=" "><marc:subfield code="a">956.071 ك &amp;#xfffd;DE&amp;#xfffd; ل ]</marc:subfield><marc:subfield code="v">1</marc:subfield><marc:subfield code="w">DDC</marc:subfield><marc:subfield code="i">30018000000555</marc:subfield><marc:subfield code="u">06/22/2003</marc:subfield><marc:subfield code="d">04/26/2010</marc:subfield><marc:subfield code="n">0</marc:subfield><marc:subfield code="t">Book</marc:subfield><marc:subfield code="l">av</marc:subfield><marc:subfield code="m">MAIN</marc:subfield><marc:subfield code="x">RAR</marc:subfield></marc:datafield></marc:record>
</marc:collection>
